%YAML 1.1
%TAG !u! tag:unity3d.com,2011:
--- !u!1 &1611390432996393742
GameObject:
  m_ObjectHideFlags: 0
  m_CorrespondingSourceObject: {fileID: 0}
  m_PrefabInstance: {fileID: 0}
  m_PrefabAsset: {fileID: 0}
  serializedVersion: 6
  m_Component:
  - component: {fileID: 8966996515861171776}
  - component: {fileID: 2217618447925075487}
  m_Layer: 0
  m_Name: Sprite Mask
  m_TagString: Untagged
  m_Icon: {fileID: 0}
  m_NavMeshLayer: 0
  m_StaticEditorFlags: 0
  m_IsActive: 1
--- !u!4 &8966996515861171776
Transform:
  m_ObjectHideFlags: 0
  m_CorrespondingSourceObject: {fileID: 0}
  m_PrefabInstance: {fileID: 0}
  m_PrefabAsset: {fileID: 0}
  m_GameObject: {fileID: 1611390432996393742}
  m_LocalRotation: {x: -0, y: -0, z: -0, w: 1}
  m_LocalPosition: {x: 1.807858, y: 1.4427, z: 8.866329}
  m_LocalScale: {x: 10.194609, y: 8.88419, z: 9.476469}
  m_Children: []
  m_Father: {fileID: 851102664133593544}
  m_RootOrder: 1
  m_LocalEulerAnglesHint: {x: 0, y: 0, z: 0}
--- !u!331 &2217618447925075487
SpriteMask:
  m_ObjectHideFlags: 0
  m_CorrespondingSourceObject: {fileID: 0}
  m_PrefabInstance: {fileID: 0}
  m_PrefabAsset: {fileID: 0}
  m_GameObject: {fileID: 1611390432996393742}
  m_Enabled: 1
  m_CastShadows: 1
  m_ReceiveShadows: 1
  m_DynamicOccludee: 1
  m_MotionVectors: 1
  m_LightProbeUsage: 1
  m_ReflectionProbeUsage: 1
  m_RayTracingMode: 0
  m_RayTraceProcedural: 0
  m_RenderingLayerMask: 1
  m_RendererPriority: 0
  m_Materials:
  - {fileID: 10758, guid: 0000000000000000f000000000000000, type: 0}
  m_StaticBatchInfo:
    firstSubMesh: 0
    subMeshCount: 0
  m_StaticBatchRoot: {fileID: 0}
  m_ProbeAnchor: {fileID: 0}
  m_LightProbeVolumeOverride: {fileID: 0}
  m_ScaleInLightmap: 1
  m_ReceiveGI: 1
  m_PreserveUVs: 0
  m_IgnoreNormalsForChartDetection: 0
  m_ImportantGI: 0
  m_StitchLightmapSeams: 1
  m_SelectedEditorRenderState: 3
  m_MinimumChartSize: 4
  m_AutoUVMaxDistance: 0.5
  m_AutoUVMaxAngle: 89
  m_LightmapParameters: {fileID: 0}
  m_SortingLayerID: 0
  m_SortingLayer: 0
  m_SortingOrder: 0
  m_Sprite: {fileID: 7482667652216324306, guid: db750325989564987a34393247d883b4, type: 3}
  m_MaskAlphaCutoff: 0.39
  m_FrontSortingLayerID: 0
  m_BackSortingLayerID: 0
  m_FrontSortingLayer: 0
  m_BackSortingLayer: 0
  m_FrontSortingOrder: 0
  m_BackSortingOrder: -10
  m_IsCustomRangeActive: 1
  m_SpriteSortPoint: 0
--- !u!1 &2206479996224722631
GameObject:
  m_ObjectHideFlags: 0
  m_CorrespondingSourceObject: {fileID: 0}
  m_PrefabInstance: {fileID: 0}
  m_PrefabAsset: {fileID: 0}
  serializedVersion: 6
  m_Component:
  - component: {fileID: 7025971953374579112}
  m_Layer: 0
  m_Name: WallContainerDelta
  m_TagString: Untagged
  m_Icon: {fileID: 0}
  m_NavMeshLayer: 0
  m_StaticEditorFlags: 0
  m_IsActive: 1
--- !u!4 &7025971953374579112
Transform:
  m_ObjectHideFlags: 0
  m_CorrespondingSourceObject: {fileID: 0}
  m_PrefabInstance: {fileID: 0}
  m_PrefabAsset: {fileID: 0}
  m_GameObject: {fileID: 2206479996224722631}
  m_LocalRotation: {x: -0, y: -0, z: -0, w: 1}
  m_LocalPosition: {x: -3.4774432, y: 2.4456723, z: 0.8923216}
  m_LocalScale: {x: 1, y: 1, z: 1}
  m_Children:
  - {fileID: 5879398703460817380}
  - {fileID: 5780905572077172302}
  m_Father: {fileID: 4660506093661934098}
  m_RootOrder: 1
  m_LocalEulerAnglesHint: {x: 0, y: 0, z: 0}
--- !u!1 &3508470534331911852
GameObject:
  m_ObjectHideFlags: 0
  m_CorrespondingSourceObject: {fileID: 0}
  m_PrefabInstance: {fileID: 0}
  m_PrefabAsset: {fileID: 0}
  serializedVersion: 6
  m_Component:
  - component: {fileID: 8746651565618134492}
  m_Layer: 0
  m_Name: WallContainer 1
  m_TagString: Untagged
  m_Icon: {fileID: 0}
  m_NavMeshLayer: 0
  m_StaticEditorFlags: 0
  m_IsActive: 1
--- !u!4 &8746651565618134492
Transform:
  m_ObjectHideFlags: 0
  m_CorrespondingSourceObject: {fileID: 0}
  m_PrefabInstance: {fileID: 0}
  m_PrefabAsset: {fileID: 0}
  m_GameObject: {fileID: 3508470534331911852}
  m_LocalRotation: {x: -0, y: -0, z: -0, w: 1}
  m_LocalPosition: {x: 0, y: -1.6229544, z: 0}
  m_LocalScale: {x: 1, y: 1, z: 1}
  m_Children:
  - {fileID: 2500281252618260904}
  - {fileID: 389064646441790025}
  m_Father: {fileID: 8647875895107365886}
  m_RootOrder: 0
  m_LocalEulerAnglesHint: {x: 0, y: 0, z: 0}
--- !u!1 &4001223932773523489
GameObject:
  m_ObjectHideFlags: 0
  m_CorrespondingSourceObject: {fileID: 0}
  m_PrefabInstance: {fileID: 0}
  m_PrefabAsset: {fileID: 0}
  serializedVersion: 6
  m_Component:
  - component: {fileID: 21230992128244896}
  m_Layer: 0
  m_Name: WallContainerCharlie
  m_TagString: Untagged
  m_Icon: {fileID: 0}
  m_NavMeshLayer: 0
  m_StaticEditorFlags: 0
  m_IsActive: 1
--- !u!4 &21230992128244896
Transform:
  m_ObjectHideFlags: 0
  m_CorrespondingSourceObject: {fileID: 0}
  m_PrefabInstance: {fileID: 0}
  m_PrefabAsset: {fileID: 0}
  m_GameObject: {fileID: 4001223932773523489}
  m_LocalRotation: {x: -0, y: -0, z: -0, w: 1}
  m_LocalPosition: {x: -1.8250203, y: 2.4456723, z: 0.8923216}
  m_LocalScale: {x: -1, y: 1, z: 1}
  m_Children:
  - {fileID: 4211133165543146672}
  - {fileID: 5177935875935146126}
  m_Father: {fileID: 4660506093661934098}
  m_RootOrder: 0
  m_LocalEulerAnglesHint: {x: 0, y: 0, z: 0}
--- !u!1 &4070872517097602413
GameObject:
  m_ObjectHideFlags: 0
  m_CorrespondingSourceObject: {fileID: 0}
  m_PrefabInstance: {fileID: 0}
  m_PrefabAsset: {fileID: 0}
  serializedVersion: 6
  m_Component:
  - component: {fileID: 2500281252618260904}
  m_Layer: 0
  m_Name: WallContainerAlpha
  m_TagString: Untagged
  m_Icon: {fileID: 0}
  m_NavMeshLayer: 0
  m_StaticEditorFlags: 0
  m_IsActive: 1
--- !u!4 &2500281252618260904
Transform:
  m_ObjectHideFlags: 0
  m_CorrespondingSourceObject: {fileID: 0}
  m_PrefabInstance: {fileID: 0}
  m_PrefabAsset: {fileID: 0}
  m_GameObject: {fileID: 4070872517097602413}
  m_LocalRotation: {x: -0, y: -0, z: -0, w: 1}
  m_LocalPosition: {x: -1.8250203, y: 2.4456723, z: 0.8923216}
  m_LocalScale: {x: -1, y: 1, z: 1}
  m_Children:
  - {fileID: 800262580033269165}
  - {fileID: 5738923380292832777}
  m_Father: {fileID: 8746651565618134492}
  m_RootOrder: 0
  m_LocalEulerAnglesHint: {x: 0, y: 0, z: 0}
--- !u!1 &4084950834761652153
GameObject:
  m_ObjectHideFlags: 0
  m_CorrespondingSourceObject: {fileID: 0}
  m_PrefabInstance: {fileID: 0}
  m_PrefabAsset: {fileID: 0}
  serializedVersion: 6
  m_Component:
  - component: {fileID: 4660506093661934098}
  m_Layer: 0
  m_Name: WallContainer 2
  m_TagString: Untagged
  m_Icon: {fileID: 0}
  m_NavMeshLayer: 0
  m_StaticEditorFlags: 0
  m_IsActive: 1
--- !u!4 &4660506093661934098
Transform:
  m_ObjectHideFlags: 0
  m_CorrespondingSourceObject: {fileID: 0}
  m_PrefabInstance: {fileID: 0}
  m_PrefabAsset: {fileID: 0}
  m_GameObject: {fileID: 4084950834761652153}
  m_LocalRotation: {x: -0, y: -0, z: -0, w: 1}
  m_LocalPosition: {x: 0, y: 1.6229544, z: 0}
  m_LocalScale: {x: 1, y: -1, z: 1}
  m_Children:
  - {fileID: 21230992128244896}
  - {fileID: 7025971953374579112}
  m_Father: {fileID: 8647875895107365886}
  m_RootOrder: 1
  m_LocalEulerAnglesHint: {x: 0, y: 0, z: 0}
--- !u!1 &4188522796255871463
GameObject:
  m_ObjectHideFlags: 0
  m_CorrespondingSourceObject: {fileID: 0}
  m_PrefabInstance: {fileID: 0}
  m_PrefabAsset: {fileID: 0}
  serializedVersion: 6
  m_Component:
  - component: {fileID: 389064646441790025}
  m_Layer: 0
  m_Name: WallContainerBeta
  m_TagString: Untagged
  m_Icon: {fileID: 0}
  m_NavMeshLayer: 0
  m_StaticEditorFlags: 0
  m_IsActive: 1
--- !u!4 &389064646441790025
Transform:
  m_ObjectHideFlags: 0
  m_CorrespondingSourceObject: {fileID: 0}
  m_PrefabInstance: {fileID: 0}
  m_PrefabAsset: {fileID: 0}
  m_GameObject: {fileID: 4188522796255871463}
  m_LocalRotation: {x: -0, y: -0, z: -0, w: 1}
  m_LocalPosition: {x: -3.4774432, y: 2.4456723, z: 0.8923216}
  m_LocalScale: {x: 1, y: 1, z: 1}
  m_Children:
  - {fileID: 6527488474881692620}
  - {fileID: 4506929492878727805}
  m_Father: {fileID: 8746651565618134492}
  m_RootOrder: 1
  m_LocalEulerAnglesHint: {x: 0, y: 0, z: 0}
--- !u!1 &4588778447408430359
GameObject:
  m_ObjectHideFlags: 0
  m_CorrespondingSourceObject: {fileID: 0}
  m_PrefabInstance: {fileID: 0}
  m_PrefabAsset: {fileID: 0}
  serializedVersion: 6
  m_Component:
  - component: {fileID: 851102664133593544}
  m_Layer: 0
  m_Name: GlassGroup
  m_TagString: Untagged
  m_Icon: {fileID: 0}
  m_NavMeshLayer: 0
  m_StaticEditorFlags: 0
  m_IsActive: 1
--- !u!4 &851102664133593544
Transform:
  m_ObjectHideFlags: 0
  m_CorrespondingSourceObject: {fileID: 0}
  m_PrefabInstance: {fileID: 0}
  m_PrefabAsset: {fileID: 0}
  m_GameObject: {fileID: 4588778447408430359}
  m_LocalRotation: {x: -0, y: -0, z: -0, w: 1}
  m_LocalPosition: {x: -4.307858, y: -1.4427177, z: -8.866329}
  m_LocalScale: {x: 1, y: 1, z: 1}
  m_Children:
  - {fileID: 6538411606456971394}
  - {fileID: 8966996515861171776}
  - {fileID: 1490434313831829969}
  - {fileID: 6535920603945817398}
  m_Father: {fileID: 8647875895107365886}
  m_RootOrder: 2
  m_LocalEulerAnglesHint: {x: 0, y: 0, z: 0}
--- !u!1 &6589783568793564407
GameObject:
  m_ObjectHideFlags: 0
  m_CorrespondingSourceObject: {fileID: 0}
  m_PrefabInstance: {fileID: 0}
  m_PrefabAsset: {fileID: 0}
  serializedVersion: 6
  m_Component:
  - component: {fileID: 1490434313831829969}
  - component: {fileID: 6566860711205009497}
  m_Layer: 0
  m_Name: Sprite Mask (1)
  m_TagString: Untagged
  m_Icon: {fileID: 0}
  m_NavMeshLayer: 0
  m_StaticEditorFlags: 0
  m_IsActive: 1
--- !u!4 &1490434313831829969
Transform:
  m_ObjectHideFlags: 0
  m_CorrespondingSourceObject: {fileID: 0}
  m_PrefabInstance: {fileID: 0}
  m_PrefabAsset: {fileID: 0}
  m_GameObject: {fileID: 6589783568793564407}
  m_LocalRotation: {x: 0, y: 0, z: 0.38268343, w: 0.92387956}
  m_LocalPosition: {x: 4.307858, y: 0.9427177, z: 8.866329}
  m_LocalScale: {x: 10.194609, y: 8.88419, z: 9.476469}
  m_Children: []
  m_Father: {fileID: 851102664133593544}
  m_RootOrder: 2
  m_LocalEulerAnglesHint: {x: 0, y: 0, z: 45}
--- !u!331 &6566860711205009497
SpriteMask:
  m_ObjectHideFlags: 0
  m_CorrespondingSourceObject: {fileID: 0}
  m_PrefabInstance: {fileID: 0}
  m_PrefabAsset: {fileID: 0}
  m_GameObject: {fileID: 6589783568793564407}
  m_Enabled: 1
  m_CastShadows: 1
  m_ReceiveShadows: 1
  m_DynamicOccludee: 1
  m_MotionVectors: 1
  m_LightProbeUsage: 1
  m_ReflectionProbeUsage: 1
  m_RayTracingMode: 0
  m_RayTraceProcedural: 0
  m_RenderingLayerMask: 1
  m_RendererPriority: 0
  m_Materials:
  - {fileID: 10758, guid: 0000000000000000f000000000000000, type: 0}
  m_StaticBatchInfo:
    firstSubMesh: 0
    subMeshCount: 0
  m_StaticBatchRoot: {fileID: 0}
  m_ProbeAnchor: {fileID: 0}
  m_LightProbeVolumeOverride: {fileID: 0}
  m_ScaleInLightmap: 1
  m_ReceiveGI: 1
  m_PreserveUVs: 0
  m_IgnoreNormalsForChartDetection: 0
  m_ImportantGI: 0
  m_StitchLightmapSeams: 1
  m_SelectedEditorRenderState: 3
  m_MinimumChartSize: 4
  m_AutoUVMaxDistance: 0.5
  m_AutoUVMaxAngle: 89
  m_LightmapParameters: {fileID: 0}
  m_SortingLayerID: 0
  m_SortingLayer: 0
  m_SortingOrder: 0
  m_Sprite: {fileID: 7482667652216324306, guid: db750325989564987a34393247d883b4, type: 3}
  m_MaskAlphaCutoff: 0.39
  m_FrontSortingLayerID: 0
  m_BackSortingLayerID: 0
  m_FrontSortingLayer: 0
  m_BackSortingLayer: 0
  m_FrontSortingOrder: 0
  m_BackSortingOrder: -10
  m_IsCustomRangeActive: 1
  m_SpriteSortPoint: 0
--- !u!1 &7508435391350963936
GameObject:
  m_ObjectHideFlags: 0
  m_CorrespondingSourceObject: {fileID: 0}
  m_PrefabInstance: {fileID: 0}
  m_PrefabAsset: {fileID: 0}
  serializedVersion: 6
  m_Component:
  - component: {fileID: 8647875895107365886}
  m_Layer: 0
  m_Name: MidlandsC
  m_TagString: Untagged
  m_Icon: {fileID: 0}
  m_NavMeshLayer: 0
  m_StaticEditorFlags: 0
  m_IsActive: 1
--- !u!4 &8647875895107365886
Transform:
  m_ObjectHideFlags: 0
  m_CorrespondingSourceObject: {fileID: 0}
  m_PrefabInstance: {fileID: 0}
  m_PrefabAsset: {fileID: 0}
  m_GameObject: {fileID: 7508435391350963936}
  m_LocalRotation: {x: 0, y: 0, z: 0, w: 1}
  m_LocalPosition: {x: 0, y: 0, z: 0}
  m_LocalScale: {x: 1, y: 1, z: 1}
  m_Children:
  - {fileID: 8746651565618134492}
  - {fileID: 4660506093661934098}
  - {fileID: 851102664133593544}
  m_Father: {fileID: 0}
  m_RootOrder: 0
  m_LocalEulerAnglesHint: {x: 0, y: 0, z: 0}
--- !u!1 &7862991508928608775
GameObject:
  m_ObjectHideFlags: 0
  m_CorrespondingSourceObject: {fileID: 0}
  m_PrefabInstance: {fileID: 0}
  m_PrefabAsset: {fileID: 0}
  serializedVersion: 6
  m_Component:
  - component: {fileID: 6535920603945817398}
  - component: {fileID: 897453166050557293}
  m_Layer: 0
  m_Name: Sprite Mask (2)
  m_TagString: Untagged
  m_Icon: {fileID: 0}
  m_NavMeshLayer: 0
  m_StaticEditorFlags: 0
  m_IsActive: 1
--- !u!4 &6535920603945817398
Transform:
  m_ObjectHideFlags: 0
  m_CorrespondingSourceObject: {fileID: 0}
  m_PrefabInstance: {fileID: 0}
  m_PrefabAsset: {fileID: 0}
  m_GameObject: {fileID: 7862991508928608775}
  m_LocalRotation: {x: 0, y: 0, z: 0.38268343, w: 0.92387956}
  m_LocalPosition: {x: -0.879642, y: 1.9114677, z: 8.866329}
  m_LocalScale: {x: 10.194609, y: 8.88419, z: 9.476469}
  m_Children: []
  m_Father: {fileID: 851102664133593544}
  m_RootOrder: 3
  m_LocalEulerAnglesHint: {x: 0, y: 0, z: 45}
--- !u!331 &897453166050557293
SpriteMask:
  m_ObjectHideFlags: 0
  m_CorrespondingSourceObject: {fileID: 0}
  m_PrefabInstance: {fileID: 0}
  m_PrefabAsset: {fileID: 0}
  m_GameObject: {fileID: 7862991508928608775}
  m_Enabled: 1
  m_CastShadows: 1
  m_ReceiveShadows: 1
  m_DynamicOccludee: 1
  m_MotionVectors: 1
  m_LightProbeUsage: 1
  m_ReflectionProbeUsage: 1
  m_RayTracingMode: 0
  m_RayTraceProcedural: 0
  m_RenderingLayerMask: 1
  m_RendererPriority: 0
  m_Materials:
  - {fileID: 10758, guid: 0000000000000000f000000000000000, type: 0}
  m_StaticBatchInfo:
    firstSubMesh: 0
    subMeshCount: 0
  m_StaticBatchRoot: {fileID: 0}
  m_ProbeAnchor: {fileID: 0}
  m_LightProbeVolumeOverride: {fileID: 0}
  m_ScaleInLightmap: 1
  m_ReceiveGI: 1
  m_PreserveUVs: 0
  m_IgnoreNormalsForChartDetection: 0
  m_ImportantGI: 0
  m_StitchLightmapSeams: 1
  m_SelectedEditorRenderState: 3
  m_MinimumChartSize: 4
  m_AutoUVMaxDistance: 0.5
  m_AutoUVMaxAngle: 89
  m_LightmapParameters: {fileID: 0}
  m_SortingLayerID: 0
  m_SortingLayer: 0
  m_SortingOrder: 0
  m_Sprite: {fileID: 7482667652216324306, guid: db750325989564987a34393247d883b4, type: 3}
  m_MaskAlphaCutoff: 0.39
  m_FrontSortingLayerID: 0
  m_BackSortingLayerID: 0
  m_FrontSortingLayer: 0
  m_BackSortingLayer: 0
  m_FrontSortingOrder: 0
  m_BackSortingOrder: -10
  m_IsCustomRangeActive: 1
  m_SpriteSortPoint: 0
--- !u!1 &9209926082111404077
GameObject:
  m_ObjectHideFlags: 0
  m_CorrespondingSourceObject: {fileID: 0}
  m_PrefabInstance: {fileID: 0}
  m_PrefabAsset: {fileID: 0}
  serializedVersion: 6
  m_Component:
  - component: {fileID: 6538411606456971394}
  - component: {fileID: 3517694266861081067}
  m_Layer: 0
  m_Name: glass
  m_TagString: Untagged
  m_Icon: {fileID: 0}
  m_NavMeshLayer: 0
  m_StaticEditorFlags: 0
  m_IsActive: 1
--- !u!4 &6538411606456971394
Transform:
  m_ObjectHideFlags: 0
  m_CorrespondingSourceObject: {fileID: 0}
  m_PrefabInstance: {fileID: 0}
  m_PrefabAsset: {fileID: 0}
  m_GameObject: {fileID: 9209926082111404077}
  m_LocalRotation: {x: -0, y: -0, z: -0, w: 1}
  m_LocalPosition: {x: 1.682858, y: 1.4427177, z: 8.866329}
  m_LocalScale: {x: 3.2, y: 1.725, z: 1}
  m_Children: []
  m_Father: {fileID: 851102664133593544}
  m_RootOrder: 0
  m_LocalEulerAnglesHint: {x: 0, y: 0, z: 0}
--- !u!212 &3517694266861081067
SpriteRenderer:
  m_ObjectHideFlags: 0
  m_CorrespondingSourceObject: {fileID: 0}
  m_PrefabInstance: {fileID: 0}
  m_PrefabAsset: {fileID: 0}
  m_GameObject: {fileID: 9209926082111404077}
  m_Enabled: 1
  m_CastShadows: 0
  m_ReceiveShadows: 0
  m_DynamicOccludee: 1
  m_MotionVectors: 1
  m_LightProbeUsage: 1
  m_ReflectionProbeUsage: 1
  m_RayTracingMode: 0
  m_RayTraceProcedural: 0
  m_RenderingLayerMask: 1
  m_RendererPriority: 0
  m_Materials:
  - {fileID: 10754, guid: 0000000000000000f000000000000000, type: 0}
  m_StaticBatchInfo:
    firstSubMesh: 0
    subMeshCount: 0
  m_StaticBatchRoot: {fileID: 0}
  m_ProbeAnchor: {fileID: 0}
  m_LightProbeVolumeOverride: {fileID: 0}
  m_ScaleInLightmap: 1
  m_ReceiveGI: 1
  m_PreserveUVs: 0
  m_IgnoreNormalsForChartDetection: 0
  m_ImportantGI: 0
  m_StitchLightmapSeams: 1
  m_SelectedEditorRenderState: 0
  m_MinimumChartSize: 4
  m_AutoUVMaxDistance: 0.5
  m_AutoUVMaxAngle: 89
  m_LightmapParameters: {fileID: 0}
  m_SortingLayerID: 0
  m_SortingLayer: 0
  m_SortingOrder: -4
  m_Sprite: {fileID: 21300000, guid: 7bf474cacbb490444ab0d8845ab5363c, type: 3}
  m_Color: {r: 1, g: 1, b: 1, a: 1}
  m_FlipX: 0
  m_FlipY: 0
  m_DrawMode: 0
  m_Size: {x: 5.12, y: 5.12}
  m_AdaptiveModeThreshold: 0.5
  m_SpriteTileMode: 0
  m_WasSpriteAssigned: 1
  m_MaskInteraction: 1
  m_SpriteSortPoint: 0
--- !u!1001 &126726304613084998
PrefabInstance:
  m_ObjectHideFlags: 0
  serializedVersion: 2
  m_Modification:
    m_TransformParent: {fileID: 2500281252618260904}
    m_Modifications:
    - target: {fileID: 2348360504290181999, guid: 6ed2f4f7668dd5940a10b1ee2fcf38e2, type: 3}
      propertyPath: m_Name
      value: GlassWall (1)
      objectReference: {fileID: 0}
    - target: {fileID: 5649476078090117455, guid: 6ed2f4f7668dd5940a10b1ee2fcf38e2, type: 3}
      propertyPath: m_RootOrder
      value: 1
      objectReference: {fileID: 0}
    - target: {fileID: 5649476078090117455, guid: 6ed2f4f7668dd5940a10b1ee2fcf38e2, type: 3}
      propertyPath: m_LocalScale.x
      value: 0.5
      objectReference: {fileID: 0}
    - target: {fileID: 5649476078090117455, guid: 6ed2f4f7668dd5940a10b1ee2fcf38e2, type: 3}
      propertyPath: m_LocalScale.y
      value: 0.5
      objectReference: {fileID: 0}
    - target: {fileID: 5649476078090117455, guid: 6ed2f4f7668dd5940a10b1ee2fcf38e2, type: 3}
      propertyPath: m_LocalPosition.x
      value: -1.6546416
      objectReference: {fileID: 0}
    - target: {fileID: 5649476078090117455, guid: 6ed2f4f7668dd5940a10b1ee2fcf38e2, type: 3}
      propertyPath: m_LocalPosition.y
      value: 3.8647823
      objectReference: {fileID: 0}
    - target: {fileID: 5649476078090117455, guid: 6ed2f4f7668dd5940a10b1ee2fcf38e2, type: 3}
      propertyPath: m_LocalPosition.z
      value: 6.777149
      objectReference: {fileID: 0}
    - target: {fileID: 5649476078090117455, guid: 6ed2f4f7668dd5940a10b1ee2fcf38e2, type: 3}
      propertyPath: m_LocalRotation.w
      value: 1
      objectReference: {fileID: 0}
    - target: {fileID: 5649476078090117455, guid: 6ed2f4f7668dd5940a10b1ee2fcf38e2, type: 3}
      propertyPath: m_LocalRotation.x
      value: -0
      objectReference: {fileID: 0}
    - target: {fileID: 5649476078090117455, guid: 6ed2f4f7668dd5940a10b1ee2fcf38e2, type: 3}
      propertyPath: m_LocalRotation.y
      value: -0
      objectReference: {fileID: 0}
    - target: {fileID: 5649476078090117455, guid: 6ed2f4f7668dd5940a10b1ee2fcf38e2, type: 3}
      propertyPath: m_LocalRotation.z
      value: -0
      objectReference: {fileID: 0}
    - target: {fileID: 5649476078090117455, guid: 6ed2f4f7668dd5940a10b1ee2fcf38e2, type: 3}
      propertyPath: m_LocalEulerAnglesHint.x
      value: 0
      objectReference: {fileID: 0}
    - target: {fileID: 5649476078090117455, guid: 6ed2f4f7668dd5940a10b1ee2fcf38e2, type: 3}
      propertyPath: m_LocalEulerAnglesHint.y
      value: 0
      objectReference: {fileID: 0}
    - target: {fileID: 5649476078090117455, guid: 6ed2f4f7668dd5940a10b1ee2fcf38e2, type: 3}
      propertyPath: m_LocalEulerAnglesHint.z
      value: 0
      objectReference: {fileID: 0}
    m_RemovedComponents: []
  m_SourcePrefab: {fileID: 100100000, guid: 6ed2f4f7668dd5940a10b1ee2fcf38e2, type: 3}
--- !u!4 &5738923380292832777 stripped
Transform:
  m_CorrespondingSourceObject: {fileID: 5649476078090117455, guid: 6ed2f4f7668dd5940a10b1ee2fcf38e2, type: 3}
  m_PrefabInstance: {fileID: 126726304613084998}
  m_PrefabAsset: {fileID: 0}
--- !u!1001 &701789346939630017
PrefabInstance:
  m_ObjectHideFlags: 0
  serializedVersion: 2
  m_Modification:
    m_TransformParent: {fileID: 21230992128244896}
    m_Modifications:
    - target: {fileID: 2348360504290181999, guid: 6ed2f4f7668dd5940a10b1ee2fcf38e2, type: 3}
      propertyPath: m_Name
      value: GlassWall (1)
      objectReference: {fileID: 0}
    - target: {fileID: 5649476078090117455, guid: 6ed2f4f7668dd5940a10b1ee2fcf38e2, type: 3}
      propertyPath: m_RootOrder
      value: 1
      objectReference: {fileID: 0}
    - target: {fileID: 5649476078090117455, guid: 6ed2f4f7668dd5940a10b1ee2fcf38e2, type: 3}
      propertyPath: m_LocalScale.x
      value: 0.5
      objectReference: {fileID: 0}
    - target: {fileID: 5649476078090117455, guid: 6ed2f4f7668dd5940a10b1ee2fcf38e2, type: 3}
      propertyPath: m_LocalScale.y
      value: 0.5
      objectReference: {fileID: 0}
    - target: {fileID: 5649476078090117455, guid: 6ed2f4f7668dd5940a10b1ee2fcf38e2, type: 3}
      propertyPath: m_LocalPosition.x
      value: -1.6546416
      objectReference: {fileID: 0}
    - target: {fileID: 5649476078090117455, guid: 6ed2f4f7668dd5940a10b1ee2fcf38e2, type: 3}
      propertyPath: m_LocalPosition.y
      value: 3.8647823
      objectReference: {fileID: 0}
    - target: {fileID: 5649476078090117455, guid: 6ed2f4f7668dd5940a10b1ee2fcf38e2, type: 3}
      propertyPath: m_LocalPosition.z
      value: 6.777149
      objectReference: {fileID: 0}
    - target: {fileID: 5649476078090117455, guid: 6ed2f4f7668dd5940a10b1ee2fcf38e2, type: 3}
      propertyPath: m_LocalRotation.w
      value: 1
      objectReference: {fileID: 0}
    - target: {fileID: 5649476078090117455, guid: 6ed2f4f7668dd5940a10b1ee2fcf38e2, type: 3}
      propertyPath: m_LocalRotation.x
      value: -0
      objectReference: {fileID: 0}
    - target: {fileID: 5649476078090117455, guid: 6ed2f4f7668dd5940a10b1ee2fcf38e2, type: 3}
      propertyPath: m_LocalRotation.y
      value: -0
      objectReference: {fileID: 0}
    - target: {fileID: 5649476078090117455, guid: 6ed2f4f7668dd5940a10b1ee2fcf38e2, type: 3}
      propertyPath: m_LocalRotation.z
      value: -0
      objectReference: {fileID: 0}
    - target: {fileID: 5649476078090117455, guid: 6ed2f4f7668dd5940a10b1ee2fcf38e2, type: 3}
      propertyPath: m_LocalEulerAnglesHint.x
      value: 0
      objectReference: {fileID: 0}
    - target: {fileID: 5649476078090117455, guid: 6ed2f4f7668dd5940a10b1ee2fcf38e2, type: 3}
      propertyPath: m_LocalEulerAnglesHint.y
      value: 0
      objectReference: {fileID: 0}
    - target: {fileID: 5649476078090117455, guid: 6ed2f4f7668dd5940a10b1ee2fcf38e2, type: 3}
      propertyPath: m_LocalEulerAnglesHint.z
      value: 0
      objectReference: {fileID: 0}
    m_RemovedComponents: []
  m_SourcePrefab: {fileID: 100100000, guid: 6ed2f4f7668dd5940a10b1ee2fcf38e2, type: 3}
--- !u!4 &5177935875935146126 stripped
Transform:
  m_CorrespondingSourceObject: {fileID: 5649476078090117455, guid: 6ed2f4f7668dd5940a10b1ee2fcf38e2, type: 3}
  m_PrefabInstance: {fileID: 701789346939630017}
  m_PrefabAsset: {fileID: 0}
--- !u!1001 &1508904477097685635
PrefabInstance:
  m_ObjectHideFlags: 0
  serializedVersion: 2
  m_Modification:
    m_TransformParent: {fileID: 389064646441790025}
    m_Modifications:
    - target: {fileID: 667793201907092829, guid: 6ed2f4f7668dd5940a10b1ee2fcf38e2, type: 3}
      propertyPath: m_MaskInteraction
      value: 0
      objectReference: {fileID: 0}
    - target: {fileID: 2348360504290181999, guid: 6ed2f4f7668dd5940a10b1ee2fcf38e2, type: 3}
      propertyPath: m_Name
      value: GlassWall
      objectReference: {fileID: 0}
    - target: {fileID: 5649476078090117455, guid: 6ed2f4f7668dd5940a10b1ee2fcf38e2, type: 3}
      propertyPath: m_RootOrder
      value: 0
      objectReference: {fileID: 0}
    - target: {fileID: 5649476078090117455, guid: 6ed2f4f7668dd5940a10b1ee2fcf38e2, type: 3}
      propertyPath: m_LocalScale.x
      value: 0.5
      objectReference: {fileID: 0}
    - target: {fileID: 5649476078090117455, guid: 6ed2f4f7668dd5940a10b1ee2fcf38e2, type: 3}
      propertyPath: m_LocalScale.y
      value: 0.5
      objectReference: {fileID: 0}
    - target: {fileID: 5649476078090117455, guid: 6ed2f4f7668dd5940a10b1ee2fcf38e2, type: 3}
      propertyPath: m_LocalPosition.x
      value: -5.7483916
      objectReference: {fileID: 0}
    - target: {fileID: 5649476078090117455, guid: 6ed2f4f7668dd5940a10b1ee2fcf38e2, type: 3}
      propertyPath: m_LocalPosition.y
      value: 2.1772823
      objectReference: {fileID: 0}
    - target: {fileID: 5649476078090117455, guid: 6ed2f4f7668dd5940a10b1ee2fcf38e2, type: 3}
      propertyPath: m_LocalPosition.z
      value: 6.777149
      objectReference: {fileID: 0}
    - target: {fileID: 5649476078090117455, guid: 6ed2f4f7668dd5940a10b1ee2fcf38e2, type: 3}
      propertyPath: m_LocalRotation.w
      value: 0.92387956
      objectReference: {fileID: 0}
    - target: {fileID: 5649476078090117455, guid: 6ed2f4f7668dd5940a10b1ee2fcf38e2, type: 3}
      propertyPath: m_LocalRotation.x
      value: -0
      objectReference: {fileID: 0}
    - target: {fileID: 5649476078090117455, guid: 6ed2f4f7668dd5940a10b1ee2fcf38e2, type: 3}
      propertyPath: m_LocalRotation.y
      value: -0
      objectReference: {fileID: 0}
    - target: {fileID: 5649476078090117455, guid: 6ed2f4f7668dd5940a10b1ee2fcf38e2, type: 3}
      propertyPath: m_LocalRotation.z
      value: 0.38268343
      objectReference: {fileID: 0}
    - target: {fileID: 5649476078090117455, guid: 6ed2f4f7668dd5940a10b1ee2fcf38e2, type: 3}
      propertyPath: m_LocalEulerAnglesHint.x
      value: 0
      objectReference: {fileID: 0}
    - target: {fileID: 5649476078090117455, guid: 6ed2f4f7668dd5940a10b1ee2fcf38e2, type: 3}
      propertyPath: m_LocalEulerAnglesHint.y
      value: 0
      objectReference: {fileID: 0}
    - target: {fileID: 5649476078090117455, guid: 6ed2f4f7668dd5940a10b1ee2fcf38e2, type: 3}
      propertyPath: m_LocalEulerAnglesHint.z
      value: 45
      objectReference: {fileID: 0}
    m_RemovedComponents: []
  m_SourcePrefab: {fileID: 100100000, guid: 6ed2f4f7668dd5940a10b1ee2fcf38e2, type: 3}
--- !u!4 &6527488474881692620 stripped
Transform:
  m_CorrespondingSourceObject: {fileID: 5649476078090117455, guid: 6ed2f4f7668dd5940a10b1ee2fcf38e2, type: 3}
  m_PrefabInstance: {fileID: 1508904477097685635}
  m_PrefabAsset: {fileID: 0}
--- !u!1001 &2188501421821564673
PrefabInstance:
  m_ObjectHideFlags: 0
  serializedVersion: 2
  m_Modification:
    m_TransformParent: {fileID: 7025971953374579112}
    m_Modifications:
    - target: {fileID: 2348360504290181999, guid: 6ed2f4f7668dd5940a10b1ee2fcf38e2, type: 3}
      propertyPath: m_Name
      value: GlassWall (1)
      objectReference: {fileID: 0}
    - target: {fileID: 5649476078090117455, guid: 6ed2f4f7668dd5940a10b1ee2fcf38e2, type: 3}
      propertyPath: m_RootOrder
      value: 1
      objectReference: {fileID: 0}
    - target: {fileID: 5649476078090117455, guid: 6ed2f4f7668dd5940a10b1ee2fcf38e2, type: 3}
      propertyPath: m_LocalScale.x
      value: 0.5
      objectReference: {fileID: 0}
    - target: {fileID: 5649476078090117455, guid: 6ed2f4f7668dd5940a10b1ee2fcf38e2, type: 3}
      propertyPath: m_LocalScale.y
      value: 0.5
      objectReference: {fileID: 0}
    - target: {fileID: 5649476078090117455, guid: 6ed2f4f7668dd5940a10b1ee2fcf38e2, type: 3}
      propertyPath: m_LocalPosition.x
      value: -1.6546416
      objectReference: {fileID: 0}
    - target: {fileID: 5649476078090117455, guid: 6ed2f4f7668dd5940a10b1ee2fcf38e2, type: 3}
      propertyPath: m_LocalPosition.y
      value: 3.8647823
      objectReference: {fileID: 0}
    - target: {fileID: 5649476078090117455, guid: 6ed2f4f7668dd5940a10b1ee2fcf38e2, type: 3}
      propertyPath: m_LocalPosition.z
      value: 6.777149
      objectReference: {fileID: 0}
    - target: {fileID: 5649476078090117455, guid: 6ed2f4f7668dd5940a10b1ee2fcf38e2, type: 3}
      propertyPath: m_LocalRotation.w
      value: 1
      objectReference: {fileID: 0}
    - target: {fileID: 5649476078090117455, guid: 6ed2f4f7668dd5940a10b1ee2fcf38e2, type: 3}
      propertyPath: m_LocalRotation.x
      value: -0
      objectReference: {fileID: 0}
    - target: {fileID: 5649476078090117455, guid: 6ed2f4f7668dd5940a10b1ee2fcf38e2, type: 3}
      propertyPath: m_LocalRotation.y
      value: -0
      objectReference: {fileID: 0}
    - target: {fileID: 5649476078090117455, guid: 6ed2f4f7668dd5940a10b1ee2fcf38e2, type: 3}
      propertyPath: m_LocalRotation.z
      value: -0
      objectReference: {fileID: 0}
    - target: {fileID: 5649476078090117455, guid: 6ed2f4f7668dd5940a10b1ee2fcf38e2, type: 3}
      propertyPath: m_LocalEulerAnglesHint.x
      value: 0
      objectReference: {fileID: 0}
    - target: {fileID: 5649476078090117455, guid: 6ed2f4f7668dd5940a10b1ee2fcf38e2, type: 3}
      propertyPath: m_LocalEulerAnglesHint.y
      value: 0
      objectReference: {fileID: 0}
    - target: {fileID: 5649476078090117455, guid: 6ed2f4f7668dd5940a10b1ee2fcf38e2, type: 3}
      propertyPath: m_LocalEulerAnglesHint.z
      value: 0
      objectReference: {fileID: 0}
    m_RemovedComponents: []
  m_SourcePrefab: {fileID: 100100000, guid: 6ed2f4f7668dd5940a10b1ee2fcf38e2, type: 3}
--- !u!4 &5780905572077172302 stripped
Transform:
  m_CorrespondingSourceObject: {fileID: 5649476078090117455, guid: 6ed2f4f7668dd5940a10b1ee2fcf38e2, type: 3}
  m_PrefabInstance: {fileID: 2188501421821564673}
  m_PrefabAsset: {fileID: 0}
--- !u!1001 &2301666479886334123
PrefabInstance:
  m_ObjectHideFlags: 0
  serializedVersion: 2
  m_Modification:
    m_TransformParent: {fileID: 7025971953374579112}
    m_Modifications:
    - target: {fileID: 667793201907092829, guid: 6ed2f4f7668dd5940a10b1ee2fcf38e2, type: 3}
      propertyPath: m_MaskInteraction
      value: 0
      objectReference: {fileID: 0}
    - target: {fileID: 2348360504290181999, guid: 6ed2f4f7668dd5940a10b1ee2fcf38e2, type: 3}
      propertyPath: m_Name
      value: GlassWall
      objectReference: {fileID: 0}
    - target: {fileID: 5649476078090117455, guid: 6ed2f4f7668dd5940a10b1ee2fcf38e2, type: 3}
      propertyPath: m_RootOrder
      value: 0
      objectReference: {fileID: 0}
    - target: {fileID: 5649476078090117455, guid: 6ed2f4f7668dd5940a10b1ee2fcf38e2, type: 3}
      propertyPath: m_LocalScale.x
      value: 0.5
      objectReference: {fileID: 0}
    - target: {fileID: 5649476078090117455, guid: 6ed2f4f7668dd5940a10b1ee2fcf38e2, type: 3}
      propertyPath: m_LocalScale.y
      value: 0.5
      objectReference: {fileID: 0}
    - target: {fileID: 5649476078090117455, guid: 6ed2f4f7668dd5940a10b1ee2fcf38e2, type: 3}
      propertyPath: m_LocalPosition.x
      value: -5.7483916
      objectReference: {fileID: 0}
    - target: {fileID: 5649476078090117455, guid: 6ed2f4f7668dd5940a10b1ee2fcf38e2, type: 3}
      propertyPath: m_LocalPosition.y
      value: 2.1772823
      objectReference: {fileID: 0}
    - target: {fileID: 5649476078090117455, guid: 6ed2f4f7668dd5940a10b1ee2fcf38e2, type: 3}
      propertyPath: m_LocalPosition.z
      value: 6.777149
      objectReference: {fileID: 0}
    - target: {fileID: 5649476078090117455, guid: 6ed2f4f7668dd5940a10b1ee2fcf38e2, type: 3}
      propertyPath: m_LocalRotation.w
      value: 0.92387956
      objectReference: {fileID: 0}
    - target: {fileID: 5649476078090117455, guid: 6ed2f4f7668dd5940a10b1ee2fcf38e2, type: 3}
      propertyPath: m_LocalRotation.x
      value: -0
      objectReference: {fileID: 0}
    - target: {fileID: 5649476078090117455, guid: 6ed2f4f7668dd5940a10b1ee2fcf38e2, type: 3}
      propertyPath: m_LocalRotation.y
      value: -0
      objectReference: {fileID: 0}
    - target: {fileID: 5649476078090117455, guid: 6ed2f4f7668dd5940a10b1ee2fcf38e2, type: 3}
      propertyPath: m_LocalRotation.z
      value: 0.38268343
      objectReference: {fileID: 0}
    - target: {fileID: 5649476078090117455, guid: 6ed2f4f7668dd5940a10b1ee2fcf38e2, type: 3}
      propertyPath: m_LocalEulerAnglesHint.x
      value: 0
      objectReference: {fileID: 0}
    - target: {fileID: 5649476078090117455, guid: 6ed2f4f7668dd5940a10b1ee2fcf38e2, type: 3}
      propertyPath: m_LocalEulerAnglesHint.y
      value: 0
      objectReference: {fileID: 0}
    - target: {fileID: 5649476078090117455, guid: 6ed2f4f7668dd5940a10b1ee2fcf38e2, type: 3}
      propertyPath: m_LocalEulerAnglesHint.z
      value: 45
      objectReference: {fileID: 0}
    m_RemovedComponents: []
  m_SourcePrefab: {fileID: 100100000, guid: 6ed2f4f7668dd5940a10b1ee2fcf38e2, type: 3}
--- !u!4 &5879398703460817380 stripped
Transform:
  m_CorrespondingSourceObject: {fileID: 5649476078090117455, guid: 6ed2f4f7668dd5940a10b1ee2fcf38e2, type: 3}
  m_PrefabInstance: {fileID: 2301666479886334123}
  m_PrefabAsset: {fileID: 0}
--- !u!1001 &5007406970731973858
PrefabInstance:
  m_ObjectHideFlags: 0
  serializedVersion: 2
  m_Modification:
    m_TransformParent: {fileID: 2500281252618260904}
    m_Modifications:
    - target: {fileID: 667793201907092829, guid: 6ed2f4f7668dd5940a10b1ee2fcf38e2, type: 3}
      propertyPath: m_MaskInteraction
      value: 0
      objectReference: {fileID: 0}
    - target: {fileID: 2348360504290181999, guid: 6ed2f4f7668dd5940a10b1ee2fcf38e2, type: 3}
      propertyPath: m_Name
      value: GlassWall
      objectReference: {fileID: 0}
    - target: {fileID: 5649476078090117455, guid: 6ed2f4f7668dd5940a10b1ee2fcf38e2, type: 3}
      propertyPath: m_RootOrder
      value: 0
      objectReference: {fileID: 0}
    - target: {fileID: 5649476078090117455, guid: 6ed2f4f7668dd5940a10b1ee2fcf38e2, type: 3}
      propertyPath: m_LocalScale.x
      value: 0.5
      objectReference: {fileID: 0}
    - target: {fileID: 5649476078090117455, guid: 6ed2f4f7668dd5940a10b1ee2fcf38e2, type: 3}
      propertyPath: m_LocalScale.y
      value: 0.5
      objectReference: {fileID: 0}
    - target: {fileID: 5649476078090117455, guid: 6ed2f4f7668dd5940a10b1ee2fcf38e2, type: 3}
      propertyPath: m_LocalPosition.x
      value: -5.7483916
      objectReference: {fileID: 0}
    - target: {fileID: 5649476078090117455, guid: 6ed2f4f7668dd5940a10b1ee2fcf38e2, type: 3}
      propertyPath: m_LocalPosition.y
      value: 2.1772823
      objectReference: {fileID: 0}
    - target: {fileID: 5649476078090117455, guid: 6ed2f4f7668dd5940a10b1ee2fcf38e2, type: 3}
      propertyPath: m_LocalPosition.z
      value: 6.777149
      objectReference: {fileID: 0}
    - target: {fileID: 5649476078090117455, guid: 6ed2f4f7668dd5940a10b1ee2fcf38e2, type: 3}
      propertyPath: m_LocalRotation.w
      value: 0.92387956
      objectReference: {fileID: 0}
    - target: {fileID: 5649476078090117455, guid: 6ed2f4f7668dd5940a10b1ee2fcf38e2, type: 3}
      propertyPath: m_LocalRotation.x
      value: -0
      objectReference: {fileID: 0}
    - target: {fileID: 5649476078090117455, guid: 6ed2f4f7668dd5940a10b1ee2fcf38e2, type: 3}
      propertyPath: m_LocalRotation.y
      value: -0
      objectReference: {fileID: 0}
    - target: {fileID: 5649476078090117455, guid: 6ed2f4f7668dd5940a10b1ee2fcf38e2, type: 3}
      propertyPath: m_LocalRotation.z
      value: 0.38268343
      objectReference: {fileID: 0}
    - target: {fileID: 5649476078090117455, guid: 6ed2f4f7668dd5940a10b1ee2fcf38e2, type: 3}
      propertyPath: m_LocalEulerAnglesHint.x
      value: 0
      objectReference: {fileID: 0}
    - target: {fileID: 5649476078090117455, guid: 6ed2f4f7668dd5940a10b1ee2fcf38e2, type: 3}
      propertyPath: m_LocalEulerAnglesHint.y
      value: 0
      objectReference: {fileID: 0}
    - target: {fileID: 5649476078090117455, guid: 6ed2f4f7668dd5940a10b1ee2fcf38e2, type: 3}
      propertyPath: m_LocalEulerAnglesHint.z
      value: 45
      objectReference: {fileID: 0}
    m_RemovedComponents: []
  m_SourcePrefab: {fileID: 100100000, guid: 6ed2f4f7668dd5940a10b1ee2fcf38e2, type: 3}
--- !u!4 &800262580033269165 stripped
Transform:
  m_CorrespondingSourceObject: {fileID: 5649476078090117455, guid: 6ed2f4f7668dd5940a10b1ee2fcf38e2, type: 3}
  m_PrefabInstance: {fileID: 5007406970731973858}
  m_PrefabAsset: {fileID: 0}
--- !u!1001 &8137209516055100210
PrefabInstance:
  m_ObjectHideFlags: 0
  serializedVersion: 2
  m_Modification:
    m_TransformParent: {fileID: 389064646441790025}
    m_Modifications:
    - target: {fileID: 2348360504290181999, guid: 6ed2f4f7668dd5940a10b1ee2fcf38e2, type: 3}
      propertyPath: m_Name
      value: GlassWall (1)
      objectReference: {fileID: 0}
    - target: {fileID: 5649476078090117455, guid: 6ed2f4f7668dd5940a10b1ee2fcf38e2, type: 3}
      propertyPath: m_RootOrder
      value: 1
      objectReference: {fileID: 0}
    - target: {fileID: 5649476078090117455, guid: 6ed2f4f7668dd5940a10b1ee2fcf38e2, type: 3}
      propertyPath: m_LocalScale.x
      value: 0.5
      objectReference: {fileID: 0}
    - target: {fileID: 5649476078090117455, guid: 6ed2f4f7668dd5940a10b1ee2fcf38e2, type: 3}
      propertyPath: m_LocalScale.y
      value: 0.5
      objectReference: {fileID: 0}
    - target: {fileID: 5649476078090117455, guid: 6ed2f4f7668dd5940a10b1ee2fcf38e2, type: 3}
      propertyPath: m_LocalPosition.x
      value: -1.6546416
      objectReference: {fileID: 0}
    - target: {fileID: 5649476078090117455, guid: 6ed2f4f7668dd5940a10b1ee2fcf38e2, type: 3}
      propertyPath: m_LocalPosition.y
      value: 3.8647823
      objectReference: {fileID: 0}
    - target: {fileID: 5649476078090117455, guid: 6ed2f4f7668dd5940a10b1ee2fcf38e2, type: 3}
      propertyPath: m_LocalPosition.z
      value: 6.777149
      objectReference: {fileID: 0}
    - target: {fileID: 5649476078090117455, guid: 6ed2f4f7668dd5940a10b1ee2fcf38e2, type: 3}
      propertyPath: m_LocalRotation.w
      value: 1
      objectReference: {fileID: 0}
    - target: {fileID: 5649476078090117455, guid: 6ed2f4f7668dd5940a10b1ee2fcf38e2, type: 3}
      propertyPath: m_LocalRotation.x
      value: -0
      objectReference: {fileID: 0}
    - target: {fileID: 5649476078090117455, guid: 6ed2f4f7668dd5940a10b1ee2fcf38e2, type: 3}
      propertyPath: m_LocalRotation.y
      value: -0
      objectReference: {fileID: 0}
    - target: {fileID: 5649476078090117455, guid: 6ed2f4f7668dd5940a10b1ee2fcf38e2, type: 3}
      propertyPath: m_LocalRotation.z
      value: -0
      objectReference: {fileID: 0}
    - target: {fileID: 5649476078090117455, guid: 6ed2f4f7668dd5940a10b1ee2fcf38e2, type: 3}
      propertyPath: m_LocalEulerAnglesHint.x
      value: 0
      objectReference: {fileID: 0}
    - target: {fileID: 5649476078090117455, guid: 6ed2f4f7668dd5940a10b1ee2fcf38e2, type: 3}
      propertyPath: m_LocalEulerAnglesHint.y
      value: 0
      objectReference: {fileID: 0}
    - target: {fileID: 5649476078090117455, guid: 6ed2f4f7668dd5940a10b1ee2fcf38e2, type: 3}
      propertyPath: m_LocalEulerAnglesHint.z
      value: 0
      objectReference: {fileID: 0}
    m_RemovedComponents: []
  m_SourcePrefab: {fileID: 100100000, guid: 6ed2f4f7668dd5940a10b1ee2fcf38e2, type: 3}
--- !u!4 &4506929492878727805 stripped
Transform:
  m_CorrespondingSourceObject: {fileID: 5649476078090117455, guid: 6ed2f4f7668dd5940a10b1ee2fcf38e2, type: 3}
  m_PrefabInstance: {fileID: 8137209516055100210}
  m_PrefabAsset: {fileID: 0}
--- !u!1001 &8364886289558808063
PrefabInstance:
  m_ObjectHideFlags: 0
  serializedVersion: 2
  m_Modification:
    m_TransformParent: {fileID: 21230992128244896}
    m_Modifications:
    - target: {fileID: 667793201907092829, guid: 6ed2f4f7668dd5940a10b1ee2fcf38e2, type: 3}
      propertyPath: m_MaskInteraction
      value: 0
      objectReference: {fileID: 0}
    - target: {fileID: 2348360504290181999, guid: 6ed2f4f7668dd5940a10b1ee2fcf38e2, type: 3}
      propertyPath: m_Name
      value: GlassWall
      objectReference: {fileID: 0}
    - target: {fileID: 5649476078090117455, guid: 6ed2f4f7668dd5940a10b1ee2fcf38e2, type: 3}
      propertyPath: m_RootOrder
      value: 0
      objectReference: {fileID: 0}
    - target: {fileID: 5649476078090117455, guid: 6ed2f4f7668dd5940a10b1ee2fcf38e2, type: 3}
      propertyPath: m_LocalScale.x
      value: 0.5
      objectReference: {fileID: 0}
    - target: {fileID: 5649476078090117455, guid: 6ed2f4f7668dd5940a10b1ee2fcf38e2, type: 3}
      propertyPath: m_LocalScale.y
      value: 0.5
      objectReference: {fileID: 0}
    - target: {fileID: 5649476078090117455, guid: 6ed2f4f7668dd5940a10b1ee2fcf38e2, type: 3}
      propertyPath: m_LocalPosition.x
      value: -5.7483916
      objectReference: {fileID: 0}
    - target: {fileID: 5649476078090117455, guid: 6ed2f4f7668dd5940a10b1ee2fcf38e2, type: 3}
      propertyPath: m_LocalPosition.y
      value: 2.1772823
      objectReference: {fileID: 0}
    - target: {fileID: 5649476078090117455, guid: 6ed2f4f7668dd5940a10b1ee2fcf38e2, type: 3}
      propertyPath: m_LocalPosition.z
      value: 6.777149
      objectReference: {fileID: 0}
    - target: {fileID: 5649476078090117455, guid: 6ed2f4f7668dd5940a10b1ee2fcf38e2, type: 3}
      propertyPath: m_LocalRotation.w
      value: 0.92387956
      objectReference: {fileID: 0}
    - target: {fileID: 5649476078090117455, guid: 6ed2f4f7668dd5940a10b1ee2fcf38e2, type: 3}
      propertyPath: m_LocalRotation.x
      value: -0
      objectReference: {fileID: 0}
    - target: {fileID: 5649476078090117455, guid: 6ed2f4f7668dd5940a10b1ee2fcf38e2, type: 3}
      propertyPath: m_LocalRotation.y
      value: -0
      objectReference: {fileID: 0}
    - target: {fileID: 5649476078090117455, guid: 6ed2f4f7668dd5940a10b1ee2fcf38e2, type: 3}
      propertyPath: m_LocalRotation.z
      value: 0.38268343
      objectReference: {fileID: 0}
    - target: {fileID: 5649476078090117455, guid: 6ed2f4f7668dd5940a10b1ee2fcf38e2, type: 3}
      propertyPath: m_LocalEulerAnglesHint.x
      value: 0
      objectReference: {fileID: 0}
    - target: {fileID: 5649476078090117455, guid: 6ed2f4f7668dd5940a10b1ee2fcf38e2, type: 3}
      propertyPath: m_LocalEulerAnglesHint.y
      value: 0
      objectReference: {fileID: 0}
    - target: {fileID: 5649476078090117455, guid: 6ed2f4f7668dd5940a10b1ee2fcf38e2, type: 3}
      propertyPath: m_LocalEulerAnglesHint.z
      value: 45
      objectReference: {fileID: 0}
    m_RemovedComponents: []
  m_SourcePrefab: {fileID: 100100000, guid: 6ed2f4f7668dd5940a10b1ee2fcf38e2, type: 3}
--- !u!4 &4211133165543146672 stripped
Transform:
  m_CorrespondingSourceObject: {fileID: 5649476078090117455, guid: 6ed2f4f7668dd5940a10b1ee2fcf38e2, type: 3}
  m_PrefabInstance: {fileID: 8364886289558808063}
  m_PrefabAsset: {fileID: 0}
